<record><leader>00000cas a2200000 a 4500</leader><controlfield tag="001">12755963</controlfield><controlfield tag="008">851104d18601934paudr ne      0    0eng c</controlfield><datafield ind1=" " ind2=" " tag="010"><subfield code="a">sn 86081050 </subfield></datafield><datafield ind1=" " ind2=" " tag="040"><subfield code="a">NPH</subfield><subfield code="b">eng</subfield><subfield code="c">NPH</subfield><subfield code="d">NPA</subfield><subfield code="d">DLC</subfield><subfield code="d">NPX</subfield><subfield code="d">YOX</subfield><subfield code="d">DLC</subfield><subfield code="d">NJW</subfield><subfield code="d">MFN</subfield><subfield code="d">KNP</subfield><subfield code="d">MGN</subfield><subfield code="d">CNK</subfield><subfield code="d">MGN</subfield><subfield code="d">NVK</subfield><subfield code="d">NVF</subfield><subfield code="d">FUG</subfield><subfield code="d">NVK</subfield><subfield code="d">NVF</subfield><subfield code="d">OCL</subfield><subfield code="d">DLC</subfield><subfield code="d">NYS</subfield><subfield code="d">DLC</subfield><subfield code="d">OCLCQ</subfield><subfield code="d">DLC</subfield><subfield code="d">KRTAS</subfield><subfield code="d">CUI</subfield><subfield code="d">CRL</subfield><subfield code="d">DLC</subfield><subfield code="d">CRL</subfield><subfield code="d">OCLCQ</subfield><subfield code="d">OCLCA</subfield><subfield code="d">OCLCF</subfield><subfield code="d">OCLCO</subfield><subfield code="d">CUS</subfield><subfield code="d">OCLCO</subfield><subfield code="d">HMM</subfield><subfield code="d">OCL</subfield></datafield><datafield ind1=" " ind2=" " tag="019"><subfield code="a">852182504</subfield></datafield><datafield ind1=" " ind2=" " tag="042"><subfield code="a">pcc</subfield></datafield><datafield ind1=" " ind2=" " tag="043"><subfield code="a">n-us-pa</subfield></datafield><datafield ind1="0" ind2="0" tag="050"><subfield code="a">Newspaper</subfield></datafield><datafield ind1=" " ind2="4" tag="050"><subfield code="a">AN</subfield></datafield><datafield ind1="1" ind2="4" tag="050"><subfield code="a">AN</subfield></datafield><datafield ind1="0" ind2=" " tag="130"><subfield code="a">Philadelphia inquirer (Philadelphia, Pa. : 1860)</subfield></datafield><datafield ind1="1" ind2="0" tag="245"><subfield code="a">Philadelphia inquirer.</subfield></datafield><datafield ind1=" " ind2=" " tag="260"><subfield code="a">Philadelphia, Pa. :</subfield><subfield code="b">W.W. Harding,</subfield><subfield code="c">-1934.</subfield></datafield><datafield ind1=" " ind2=" " tag="300"><subfield code="a">210 v. ;</subfield><subfield code="c">52 cm.</subfield></datafield><datafield ind1=" " ind2=" " tag="310"><subfield code="a">Daily</subfield></datafield><datafield ind1=" " ind2=" " tag="321"><subfield code="a">Daily (except Sunday),</subfield><subfield code="b">&lt;Apr. 3, 1860-Dec. 31, 1863&gt;</subfield></datafield><datafield ind1="1" ind2=" " tag="362"><subfield code="a">Began Apr. 2, 1860.</subfield></datafield><datafield ind1="0" ind2=" " tag="362"><subfield code="a">-Nov. 17, 1887 ; vol. 17, no. 121 (Nov. 18, 1887)-v. 210, no. 105 (Apr. 15, 1934).</subfield></datafield><datafield ind1=" " ind2=" " tag="515"><subfield code="a">Issues for Jan. 1, 1879-Nov. 17, 1887 called also v. 100-v. 117.</subfield></datafield><datafield ind1=" " ind2=" " tag="530"><subfield code="a">Available on microfilm from Bell &amp; Howell Information and Learning, and the Library of Congress, Photoduplication Service.</subfield></datafield><datafield ind1=" " ind2=" " tag="580"><subfield code="a">Merged with: Public ledger (Philadelphia, Pa. : 1927), to become: Philadelphia inquirer public ledger.</subfield></datafield><datafield ind1=" " ind2=" " tag="588"><subfield code="a">Description based on: Apr. 3, 1860.</subfield></datafield><datafield ind1=" " ind2="0" tag="651"><subfield code="a">Philadelphia (Pa.)</subfield><subfield code="v">Newspapers.</subfield></datafield><datafield ind1=" " ind2="0" tag="651"><subfield code="a">Philadelphia County (Pa.)</subfield><subfield code="v">Newspapers.</subfield></datafield><datafield ind1=" " ind2="7" tag="651"><subfield code="a">Pennsylvania</subfield><subfield code="z">Philadelphia.</subfield><subfield code="2">fast</subfield><subfield code="0">(OCoLC)fst01204170</subfield></datafield><datafield ind1=" " ind2="7" tag="651"><subfield code="a">Pennsylvania</subfield><subfield code="z">Philadelphia County.</subfield><subfield code="2">fast</subfield><subfield code="0">(OCoLC)fst01217128</subfield></datafield><datafield ind1=" " ind2="7" tag="655"><subfield code="a">Newspapers.</subfield><subfield code="2">fast</subfield><subfield code="0">(OCoLC)fst01423814</subfield></datafield><datafield ind1=" " ind2=" " tag="752"><subfield code="a">United States</subfield><subfield code="b">Pennsylvania</subfield><subfield code="c">Philadelphia</subfield><subfield code="d">Philadelphia.</subfield></datafield><datafield ind1="0" ind2=" " tag="775"><subfield code="t">Philadelphia inquirer (Philadelphia, Pa. : 1860 : Triweekly)</subfield><subfield code="w">(DLC)sn 87052111</subfield><subfield code="w">(OCoLC)15145761</subfield></datafield><datafield ind1="0" ind2="8" tag="776"><subfield code="i">Online version:</subfield><subfield code="t">Philadelphia inquirer (Philadelphia, Pa. : 1860)</subfield><subfield code="w">(OCoLC)808842516</subfield></datafield><datafield ind1="0" ind2="0" tag="780"><subfield code="t">Pennsylvania inquirer (Philadelphia, Pa. : 1850)</subfield><subfield code="w">(DLC)sn 87052095</subfield><subfield code="w">(OCoLC)14866869</subfield></datafield><datafield ind1="1" ind2="7" tag="785"><subfield code="t">Public ledger (Philadelphia, Pa. : 1927)</subfield><subfield code="w">(DLC)sn 83045517</subfield><subfield code="w">(OCoLC)2266621</subfield></datafield><datafield ind1="1" ind2="7" tag="785"><subfield code="t">Philadelphia inquirer public ledger</subfield><subfield code="w">(DLC)sn 86081052</subfield><subfield code="w">(OCoLC)12755975</subfield></datafield><datafield ind1="4" ind2="1" tag="856"><subfield code="3">11/07/1860 to 12/31/1900</subfield><subfield code="u">http://infoweb.newsbank.com/?db=EANX&amp;s_browseRef=decades/110C9BFA1F116650/all.xml</subfield></datafield><datafield ind1=" " ind2=" " tag="938"><subfield code="a">Kirtas Technologies, Inc.</subfield><subfield code="b">KRTS</subfield><subfield code="n">739443</subfield></datafield><datafield ind1="1" ind2=" " tag="029"><subfield code="a">AU@</subfield><subfield code="b">000004560498</subfield></datafield></record>